@inproceedings{inplace,
  title={Parallel In-Place Algorithms: Theory and Practice},
  author={Gu, Yan and Obeya, Omar and Shun, Julian},
  booktitle={Symposium on Algorithmic Principles of Computer Systems (APOCS)},
  pages={114--128},
  year={2021},
  organization={SIAM}
}

@inproceedings{PEM,
  title={Fundamental parallel algorithms for private-cache chip multiprocessors},
  author={Arge, Lars and Goodrich, Michael T and Nelson, Michael and Sitchinava, Nodari},
  booktitle={Proceedings of the twentieth annual symposium on Parallelism in algorithms and architectures},
  pages={197--206},
  year={2008}
}

%% BEGIN Yan Gu stuff
@article{li2011a,
  author = {Li, Xian-Ying and Ju, Tao and Gu, Yan and Hu, Shi-Min},
  title = {A Geometric Study of V-style Pop-ups: Theories and Algorithms},
  journal = {ACM Transactions on Graphics},
  year = {2011},
  volume = {30},
  number = {4},
  pages = {98:1--10},
}

@inproceedings{DBLP:conf/swat/ChenGLW12,
  author    = {Danny Z. Chen and
               Yan Gu and
               Jian Li and
               Haitao Wang},
  title     = {Algorithms on Minimizing the Maximum Sensor Movement for
               Barrier Coverage of a Linear Domain},
  booktitle = {SWAT},
  year      = {2012},
  pages     = {177-188},
  ee        = {http://dx.doi.org/10.1007/978-3-642-31155-0_16},
  crossref  = {DBLP:conf/swat/2012},
  bibsource = {DBLP, http://dblp.uni-trier.de}
}

@proceedings{DBLP:conf/swat/2012,
  editor    = {Fedor V. Fomin and
               Petteri Kaski},
  title     = {Algorithm Theory - SWAT 2012 - 13th Scandinavian Symposium
               and Workshops, Helsinki, Finland, July 4-6, 2012. Proceedings},
  booktitle = {SWAT},
  publisher = {Springer},
  series    = {Lecture Notes in Computer Science},
  volume    = {7357},
  year      = {2012},
  isbn      = {978-3-642-31154-3},
  ee        = {http://dx.doi.org/10.1007/978-3-642-31155-0},
  bibsource = {DBLP, http://dblp.uni-trier.de}
}

@article{li2013mixed,
  author = {Li, Xian-Ying and Gu, Yan and Hu, Shi-Min and Ralph R. Martin},
  title = {Mixed-Domain Edge-Aware Image Manipulation},
  journal = {IEEE Transactions on Image Processing},
  year = {2013},
  volume = {22},
  number = {5},
  pages = {1915-1925},
}

@inproceedings{Gu2013AAC, 
  author = {Yan Gu and Yong He and Kayvon Fatahalian and Guy Blelloch}, 
  title = {Efficient BVH Construction via Approximate Agglomerative Clustering},
  booktitle = {Proc. High-Performance Graphics},
  year = {2013}, 
}

@inproceedings{shun2014sequential,
  title={Sequential random permutation, list contraction and tree contraction are highly parallel},
  author={Shun, Julian and Gu, Yan and Blelloch, Guy E and Fineman, Jeremy T and Gibbons, Phillip B},
  booktitle={Proceedings of the twenty-sixth annual ACM-SIAM symposium on Discrete algorithms},
  pages={431--448},
  year={2014},
  organization={SIAM}
}

@inproceedings{gu2015ray,
  title={Ray specialized contraction on bounding volume hierarchies},
  author={Gu, Yan and He, Yong and Blelloch, Guy E},
  booktitle={Computer Graphics Forum},
  volume={34},
  number={7},
  pages={309--318},
  year={2015},
  organization={Wiley Online Library}
}

@inproceedings{gu2015top,
  title={A top-down parallel semisort},
  author={Gu, Yan and Shun, Julian and Sun, Yihan and Blelloch, Guy E},
  booktitle={Proceedings of the 27th ACM symposium on Parallelism in Algorithms and Architectures},
  pages={24--34},
  year={2015}
}

@article{blelloch2015efficient,
  title={Efficient algorithms with asymmetric read and write costs},
  author={Blelloch, Guy E and Fineman, Jeremy T and Gibbons, Phillip B and Gu, Yan and Shun, Julian},
  journal={arXiv preprint arXiv:1511.01038},
  year={2015}
}


@inproceedings{blelloch2016parallel,
  title={Parallel shortest paths using radius stepping},
  author={Blelloch, Guy E and Gu, Yan and Sun, Yihan and Tangwongsan, Kanat},
  booktitle={Proceedings of the 28th ACM Symposium on Parallelism in Algorithms and Architectures},
  pages={443--454},
  year={2016}
}

@inproceedings{blelloch2016parallelism,
  title={Parallelism in randomized incremental algorithms},
  author={Blelloch, Guy E and Gu, Yan and Shun, Julian and Sun, Yihan},
  booktitle={Proceedings of the 28th ACM Symposium on Parallelism in Algorithms and Architectures},
  pages={467--478},
  year={2016}
}

@article{blelloch2016efficient,
  title={Efficient construction of probabilistic tree embeddings},
  author={Blelloch, Guy E and Gu, Yan and Sun, Yihan},
  journal={arXiv preprint arXiv:1605.04651},
  year={2016}
}

@inproceedings{ben2018implicit,
  title={Implicit decomposition for write-efficient connectivity algorithms},
  author={Ben-David, Naama and Blelloch, Guy and Fineman, Jeremy and Gibbons, Phillip and Gu, Yan and McGuffey, Charles and Shun, Julian},
  booktitle={2018 IEEE International Parallel and Distributed Processing Symposium (IPDPS)},
  pages={711--722},
  year={2018},
  organization={IEEE}
}

@inproceedings{blelloch2018parallel,
  title={The parallel persistent memory model},
  author={Blelloch, Guy E and Gibbons, Phillip B and Gu, Yan and McGuffey, Charles and Shun, Julian},
  booktitle={Proceedings of the 30th on Symposium on Parallelism in Algorithms and Architectures},
  pages={247--258},
  year={2018}
}

@inproceedings{blelloch2018parallel2,
  title={Parallel write-efficient algorithms and data structures for computational geometry},
  author={Blelloch, Guy E and Gu, Yan and Shun, Julian and Sun, Yihan},
  booktitle={Proceedings of the 30th on Symposium on Parallelism in Algorithms and Architectures},
  pages={235--246},
  year={2018}
}

@article{gu2018algorithmic,
  title={Algorithmic building blocks for asymmetric memories},
  author={Gu, Yan and Sun, Yihan and Blelloch, Guy E},
  journal={arXiv preprint arXiv:1806.10370},
  year={2018}
}

%% END Yan Gu Stuff



@inproceedings{AcarBl00,
  title={The data locality of work stealing},
  author={Acar, Umut A and Blelloch, Guy E and Blumofe, Robert D},
  booktitle={Proceedings of the twelfth annual ACM symposium on Parallel algorithms and architectures},
  pages={1--12},
  year={2000}
}

@inproceedings{FrigoLe09,
  title={Reducers and other Cilk++ hyperobjects},
  author={Frigo, Matteo and Halpern, Pablo and Leiserson, Charles E and Lewin-Berlin, Stephen},
  booktitle={Proceedings of the twenty-first annual symposium on Parallelism in algorithms and architectures},
  pages={79--90},
  year={2009},
  organization={ACM}
}

@inproceedings{FrigoLeRa98,
	Author = {Matteo Frigo and Charles E. Leiserson and Keith H. Randall},
	Booktitle = {PLDI},
	Date-Added = {2014-10-04 18:02:26 +0000},
	Date-Modified = {2014-10-04 18:02:26 +0000},
	Opt_Booktitle = {ACM SIGPLAN Conference on Programming Language Design and Implementation},
	Pages = {212--223},
	Title = {The Implementation of the {C}ilk-5 Multithreaded Language},
	Year = {1998}}


@article{Leiserson10,
	Author = {Charles E. Leiserson},
	Date-Added = {2014-10-04 18:02:26 +0000},
	Date-Modified = {2014-10-04 18:02:26 +0000},
	Journal = {Journal of Supercomputing},
	Number = {3},
	Opt_Month = {March},
	Pages = {244--257},
	Title = {The {Cilk++} Concurrency Platform},
	Volume = {51},
	Year = {2010}}

@manual{AllenChHa+08,
	Author = {Eric Allen and David Chase and Joe Hallett and Victor Luchangco and Jan-Willem Maessen and Sukyoung Ryu and Guy L. {Steele Jr.} and Sam Tobin-Hochstadt},
	Date-Added = {2014-10-04 18:02:26 +0000},
	Date-Modified = {2014-10-04 18:02:26 +0000},
	Month = MAR,
	Organization = {Sun Microsystems, Inc.},
	Title = {The Fortress Language Specification Version 1.0},
	Year = 2008}

@manual{OpenMP08,
	Date-Added = {2014-10-04 18:02:26 +0000},
	Date-Modified = {2014-10-04 18:02:27 +0000},
	Howpublished = {Available from \url{http://www.openmp.org/mp-documents/spec30.pdf}},
	Key = {OpenMP08},
	Month = may,
	Title = {{OpenMP} Application Program Interface, Version 3.0},
	Year = 2008,
	Bdsk-Url-1 = {http://www.openmp.org/mp-documents/spec30.pdf}}

@article{AyguadeCoDu09,
	Author = {Ayguade, E. and Copty, N. and Duran, A. and Hoeflinger, J. and Yuan Lin and Massaioli, F. and Teruel, X. and Unnikrishnan, P. and Guansong Zhang},
	Date-Added = {2014-10-04 18:02:26 +0000},
	Date-Modified = {2014-10-04 18:02:27 +0000},
	OPTJournal = {IEEE Transactions on Parallel and Distributed Systems},
	Journal = {TPDS},
	Keywords = {OpenMP 3.0;OpenMP specification;OpenMP tasks;application complexity;shared-memory parallel programming;application program interfaces;computational complexity;formal specification;parallel programming;systems analysis;},
	Number = {3},
	Opt_Issn = {1045-9219},
	Opt_Month = mar,
	Pages = {404--418},
	Title = {The Design of {OpenMP} Tasks},
	Volume = {20},
	Year = {2009},
	Bdsk-Url-1 = {http://dx.doi.org/10.1109/TPDS.2008.105}}


%% Here, parallel partition is referred to as a filter operation
@article{Blelloch96,
  title={Programming parallel algorithms},
  author={Blelloch, Guy E},
  journal={Communications of the ACM},
  volume={39},
  number={3},
  pages={85--97},
  year={1996},
  publisher={ACM}
}

%% Here, parallel partition is referred to as a filter operation
@misc{AcarBl16,
  title={Algorithm design: Parallel and sequential},
  author={Acar, Umut A and Blelloch, Guy},
  year={2016}
}

@article{Brent74,
  title={The parallel evaluation of general arithmetic expressions},
  author={Brent, Richard P},
  journal={Journal of the ACM (JACM)},
  volume={21},
  number={2},
  pages={201--206},
  year={1974},
  publisher={ACM}
}

@book{CLRS,
  title={Introduction to algorithms},
  author={Cormen, Thomas H and Leiserson, Charles E and Rivest, Ronald L and Stein, Clifford},
  year={2009},
  publisher={MIT press}
}

@article{BlumofeJo96,
  title={Cilk: An efficient multithreaded runtime system},
  author={Blumofe, Robert D and Joerg, Christopher F and Kuszmaul, Bradley C and Leiserson, Charles E and Randall, Keith H and Zhou, Yuli},
  journal={Journal of parallel and distributed computing},
  volume={37},
  number={1},
  pages={55--69},
  year={1996},
  publisher={Elsevier}
}

@inproceedings{ForkJoin2,
  title={A Java fork/join framework},
  author={Lea, Doug},
  booktitle={Proceedings of the ACM 2000 conference on Java Grande},
  pages={36--43},
  year={2000}
}

@article{DeakinPrMa18,
  title={Evaluating attainable memory bandwidth of parallel programming models via BabelStream},
  author={Deakin, Tom and Price, James and Martineau, Matt and McIntosh-Smith, Simon},
  journal={International Journal of Computational Science and Engineering},
  volume={17},
  number={3},
  pages={247--262},
  year={2018},
  publisher={Inderscience Publishers (IEL)}
}

@inproceedings{Smoothed1,
  title={On smoothed analysis of quicksort and Hoare’s find},
  author={Fouz, Mahmoud and Kufleitner, Manfred and Manthey, Bodo and Jahromi, Nima Zeini},
  booktitle={International Computing and Combinatorics Conference},
  pages={158--167},
  year={2009},
  organization={Springer}
}


@misc{gnu,
title ={{GNU} {C} qsort, version 2.28.9},
author={Mike Haertel, Douglas C. Schmidt},
publisher={GNU},
url={https://github.com/lattera/glibc/blob/master/stdlib/msort.c},
year = {1991}
}

@misc{openbsd,
  title={{OpenBSD} {C} qsort, version 1.18},
  publisher={The Regents of the University of California},
  url={https://github.com/libressl-portable/openbsd/blob/master/src/lib/libc/stdlib/qsort.c}, 
  year={1992}
}

@article{NetzerMi92,
	Author = {Robert H. B. Netzer and Barton P. Miller},
	Date-Added = {2014-10-04 18:02:26 +0000},
	Date-Modified = {2018-12-29 14:55:22 -0500},
	OPTJournal = {ACM Letters on Programming Languages and Systems},
	Journal = {LOPLAS},
	Number = 1,
	Opt_Month = {March},
	Pages = {74--88},
	Title = {What Are Race Conditions?},
	Volume = 1,
	Year = 1992}



@article{Smoothed6,
  title={Smoothed analysis of the k-means method},
  author={Arthur, David and Manthey, Bodo and R{\"o}glin, Heiko},
  journal={Journal of the ACM (JACM)},
  volume={58},
  number={5},
  pages={1--31},
  year={2011},
  publisher={ACM New York, NY, USA}
}

@inproceedings{Smoothed2,
  title={The smoothed analysis of algorithms},
  author={Spielman, Daniel A},
  booktitle={International Symposium on Fundamentals of Computation Theory},
  pages={17--18},
  year={2005},
  organization={Springer}
}

@inproceedings{Smoothed4,
  title={Achieving optimal backlog in the vanilla multi-processor cup game},
  author={Kuszmaul, William},
  booktitle={Proceedings of the Fourteenth Annual ACM-SIAM Symposium on Discrete Algorithms},
  pages={1558--1577},
  year={2020},
  organization={SIAM}
}

@inproceedings{Smoothed3,
  title={Achieving optimal backlog in multi-processor cup games},
  author={Bender, Michael A and Farach-Colton, Mart{\'\i}n and Kuszmaul, William},
  booktitle={Proceedings of the 51st Annual ACM SIGACT Symposium on Theory of Computing},
  pages={1148--1157},
  year={2019}
}

@article{Smoothed5,
  title={Smoothed analysis of algorithms: Why the simplex algorithm usually takes polynomial time},
  author={Spielman, Daniel A and Teng, Shang-Hua},
  journal={Journal of the ACM (JACM)},
  volume={51},
  number={3},
  pages={385--463},
  year={2004},
  publisher={ACM New York, NY, USA}
}

@article{NiDME09,
  title={Enabling Technology of Multi-core Computing for Medical Imaging},
  author={Ni, Jun and DME, Ph},
  journal={Consortium of College of Computer Science \& Technology, Harbin Engineering University, China},
  year={2009},
  publisher={Citeseer}
}

@article{ForkJoin1,
  title={Notes on the history of fork and join},
  author={Nyman, Linus and Laakso, Mikael},
  journal={IEEE Annals of the History of Computing},
  volume={38},
  number={3},
  pages={84--87},
  year={2016},
  publisher={IEEE}
}

@article{BlumofeLe99,
  title={Scheduling multithreaded computations by work stealing},
  author={Blumofe, Robert D and Leiserson, Charles E},
  journal={Journal of the ACM (JACM)},
  volume={46},
  number={5},
  pages={720--748},
  year={1999},
  publisher={ACM}
}

@article{Hagerup89,
  title={Optimal merging and sorting on the EREW PRAM},
  author={Hagerup, Torben and R{\"u}b, Christine},
  journal={Information Processing Letters},
  volume={33},
  number={4},
  pages={181--185},
  year={1989},
  publisher={Elsevier}
}

%% This paper shows how to merge in place. Is likely not practical, however. Our algorithm may be the first practical in-place sort in EREW
@article{Katajainen93,
  title={Space-efficient parallel merging},
  author={Katajainen, Jyrki and Levcopoulos, Christos and Petersson, Ola},
  journal={RAIRO-Theoretical Informatics and Applications},
  volume={27},
  number={4},
  pages={295--310},
  year={1993},
  publisher={EDP Sciences}
}

%% Practical serial in-place merging
@article{HuangLa88,
  title={Practical in-place merging},
  author={Huang, Bing-Chao and Langston, Michael A},
  journal={Communications of the ACM},
  volume={31},
  number={3},
  pages={348--352},
  year={1988},
  publisher={ACM}
}

@article{AggarwalVi88,
	Address = {New York, NY, USA},
	Author = {Aggarwal, Alok and Vitter, Jeffrey,S.},
	Issue_Date = {Sept. 1988},
	Journal = {Communications of the ACM},
	Month = sep,
	Number = {9},
	Numpages = {12},
	Pages = {1116--1127},
	Title = {The input/output complexity of sorting and related problems},
	Volume = {31},
	Year = {1988}}


@article{Vitter08,
  title={Algorithms and data structures for external memory},
  author={Vitter, Jeffrey Scott},
  journal={Foundations and Trends{\textregistered} in Theoretical Computer Science},
  volume={2},
  number={4},
  pages={305--474},
  year={2008},
  publisher={Now Publishers, Inc.}
}

%% Merging with constant depth in CREW model under assumption arrays consist of integers
@article{Bahig18,
  title={A new constant-time parallel algorithm for merging},
  author={Bahig, Hazem M},
  journal={The Journal of Supercomputing},
  pages={1--16},
  year={2018},
  publisher={Springer}
}

%% An in-place parallel sample-sort using CRCW model with atomic operations
@article{AxtmannWi17,
  title={In-place Parallel Super Scalar Samplesort},
  author={Axtmann, Michael and Witt, Sascha and Ferizovic, Daniel and Sanders, Peter},
  journal={arXiv preprint arXiv:1705.02257},
  year={2017}
}

@article{FengLe99,
	Author = {Mingdong Feng and Charles E. Leiserson},
	Date-Added = {2014-10-04 18:02:26 +0000},
	Date-Modified = {2014-10-04 18:02:26 +0000},
	Journal = {Theory of Computing Systems},
	Number = 3,
	Pages = {301--326},
	Title = {Efficient Detection of Determinacy Races in {Cilk} Programs},
	Volume = 32,
	Year = 1999}

@manual{IntelCilkPlus10,
	Author = {{Intel Corporation}},
	Date-Added = {2014-10-04 18:02:26 +0000},
	Date-Modified = {2014-10-04 18:02:26 +0000},
	Note = {Document Number: 324396-001US. Available from \url{http://software.intel.com/sites/products/cilk-plus/cilk_plus_language_specification.pdf}},
	Title = {Intel {Cilk} {Plus} Language Specification},
	Year = 2010}


@inproceedings{BlellochFi12,
  title={Internally deterministic parallel algorithms can be fast},
  author={Blelloch, Guy E and Fineman, Jeremy T and Gibbons, Phillip B and Shun, Julian},
  booktitle={ACM SIGPLAN Notices},
  volume={47},
  number={8},
  pages={181--192},
  year={2012},
  organization={ACM}
}

%% Practical work on parallel partition. Does not concern itself with having low-span algorithms. More focused on optimizing practical algorithms for number of comparisons, or something like that.
@inproceedings{Frias08,
  title={Parallel partition revisited},
  author={Frias, Leonor and Petit, Jordi},
  booktitle={International Workshop on Experimental and Efficient Algorithms},
  pages={142--153},
  year={2008},
  organization={Springer}
}

%% A note connecting the EREW and CRCW models via integer sorting. Yet another theoretical reason to care about integer sorting.
@inproceedings{MatiasVi95,
  title={A note on reducing parallel model simulations to integer sorting},
  author={Matias, E and Vishkin, Uzi},
  booktitle={Parallel Processing Symposium, 1995. Proceedings., 9th International},
  pages={208--212},
  year={1995},
  organization={IEEE}
}

%% Reviews common sorts and notes importance of in-place-ness of bitonic sort. Bitonic sort requires $n \log^2 n$ work, however.
@article{BlellochLe98,
  title={An experimental analysis of parallel sorting algorithms},
  author={Blelloch, Guy E. and Leiserson, Charles E. and Maggs, Bruce M and Plaxton, C Greg and Smith, Stephen J and Zagha, Marco},
  journal={Theory of Computing Systems},
  volume={31},
  number={2},
  pages={135--167},
  year={1998},
  publisher={Springer}
}

%% A fast in-place parallel quicksort using atomic fetch and add.
@article{HeidelbergerNo90,
  title={Parallel quicksort using fetch-and-add},
  author={Heidelberger, Philip and Norton, Alan and Robinson, John T.},
  journal={IEEE Transactions on Computers},
  volume={39},
  number={1},
  pages={133--138},
  year={1990},
  publisher={IEEE}
}

%% Optimized memory usage in prefix sum phase to $p$. Beat serial starting with two processors. (So do we, at least as of my writing this)
@inproceedings{LiuKn05,
  title={A cost optimal parallel quicksorting and its implementation on a shared memory parallel computer},
  author={Liu, Jie and Knowles, Clinton and Davis, Adam Brian},
  booktitle={International Symposium on Parallel and Distributed Processing and Applications},
  pages={491--502},
  year={2005},
  organization={Springer}
}

%% A late rediscovery of the EREW algorithm.
@inproceedings{LiuHe03,
  title={A Cost Optimal Parallel Quicksort on CREW PRAM.},
  author={Liu, Jie and He, Jackson},
  booktitle={Computers and Their Applications},
  pages={13--16},
  year={2003}
}

%% Uses fetch-and-add algorithm. Not sure if it's in-place. All links to paper are broken.
@inproceedings{TsigasZh03,
  title={A simple, fast parallel implementation of quicksort and its performance evaluation on SUN enterprise 10000},
  author={Tsigas, Philippas and Zhang, Yi},
  booktitle={Proceedings of the Eleventh Euromicro Conference on Parallel, Distributed and Network-Based Processing},
  pages={372},
  year={2003},
  organization={IEEE}
}


@article{ChoiMiNe91,
	Address = {New York, NY, USA},
	Author = {Jong-Deok Choi and Barton P. Miller and Robert H. B. Netzer},
	Date-Added = {2014-10-04 18:02:26 +0000},
	Date-Modified = {2014-10-04 18:02:27 +0000},
	Journal = {ACM Transactions on Programming Languages and Systems},
	Number = {4},
	Pages = {491--530},
	Publisher = {ACM Press},
	Title = {Techniques for debugging parallel programs with flowback analysis},
	Volume = {13},
	Year = {1991}}

@inproceedings{blelloch2020improved,
  title={Improved Parallel Cache-Oblivious Algorithms for Dynamic Programming [Extend Abstract]},
  author={Blelloch, Guy E and Gu, Yan},
  booktitle={Symposium on Algorithmic Principles of Computer Systems},
  pages={105--119},
  year={2020},
  organization={SIAM}
}


@article{Kleen05,
  title={A numa api for linux},
  author={Kleen, Andi},
  journal={Novel Inc},
  year={2005}
}

@inproceedings{Cilkmem,
  title={Cilkmem: Algorithms for analyzing the memory high-water mark of fork-join parallel programs},
  author={Kaler, Tim and Kuszmaul, William and Schardl, Tao B and Vettorel, Daniele},
  booktitle={Symposium on Algorithmic Principles of Computer Systems},
  pages={162--176},
  year={2020},
  organization={SIAM}
}

%% A Linear-span algorithm with a good engineering constant and that behaves well on random inputs; Even then I think it will have span at least sqrt(n).
@article{FrancisPa92,
  title={A parallel partition for enhanced parallel quicksort},
  author={Francis, Rhys S. and Pannan, LJH},
  journal={Parallel Computing},
  volume={18},
  number={5},
  pages={543--550},
  year={1992},
  publisher={Elsevier}
}

@inproceedings{Anderson90,
  title={Parallel algorithms for generating random permutations on a shared memory machine},
  author={Anderson, R\_},
  booktitle={Proceedings of the second annual ACM Symposium on Parallel Algorithms and Architectures},
  pages={95--102},
  year={1990},
  organization={ACM}
}

@inproceedings{AroraBlPl98,
	Author = {Nimar S. Arora and Robert D. Blumofe and C. Greg Plaxton},
	Booktitle = {SPAA},
	Date-Added = {2014-10-04 18:02:26 +0000},
	Date-Modified = {2014-10-04 18:02:26 +0000},
	Opt_Booktitle = {10th Annual ACM Symposium on Parallel Algorithms and Architectures},
	Pages = {119--129},
	Title = {Thread Scheduling for Multiprogrammed Multiprocessors},
	Year = 1998}


@article{AlonsoSc96,
  title={A parallel algorithm for the generation of a permutation and applications},
  author={Alonso, Laurent and Schott, Ren{\'e}},
  journal={Theoretical Computer Science},
  volume={159},
  number={1},
  pages={15--28},
  year={1996},
  publisher={Elsevier}
}

@inproceedings{ShunGu15,
  title={Sequential random permutation, list contraction and tree contraction are highly parallel},
  author={Shun, Julian and Gu, Yan and Blelloch, Guy E and Fineman, Jeremy T and Gibbons, Phillip B},
  booktitle={Proceedings of the twenty-sixth annual ACM-SIAM symposium on Discrete algorithms},
  pages={431--448},
  year={2015},
  organization={Society for Industrial and Applied Mathematics}
}

@article{Rajasekaran92,
  title={On parallel integer sorting},
  author={Rajasekaran, Sanguthevar and Sen, Sandeep},
  journal={Acta Informatica},
  volume={29},
  number={1},
  pages={1--15},
  year={1992},
  publisher={Springer}
}

@incollection{HanHe12,
  title={More efficient parallel integer sorting},
  author={Han, Yijie and He, Xin},
  booktitle={Frontiers in Algorithmics and Algorithmic Aspects in Information and Management},
  pages={279--290},
  year={2012},
  publisher={Springer}
}

@article{AlbersHa97,
  title={Improved parallel integer sorting without concurrent writing},
  author={Albers, Susanne and Hagerup, Torben},
  journal={Information and Computation},
  volume={136},
  number={1},
  pages={25--51},
  year={1997},
  publisher={Elsevier}
}

@inproceedings{Han01,
  title={Improved fast integer sorting in linear space},
  author={Han, Yijie},
  booktitle={Proceedings of the twelfth annual ACM-SIAM symposium on Discrete algorithms},
  pages={793--796},
  year={2001},
  organization={Society for Industrial and Applied Mathematics}
}

@article{GerbessiotisSi04,
  title={Probabilistic integer sorting},
  author={Gerbessiotis, Alexandros V and Siniolakis, Constantinos J},
  journal={Information processing letters},
  volume={90},
  number={4},
  pages={187--193},
  year={2004},
  publisher={Citeseer}
}

@article{SleatorTa85,
  title={Amortized efficiency of list update and paging rules},
  author={Sleator, Daniel D and Tarjan, Robert E},
  journal={Communications of the ACM},
  volume={28},
  number={2},
  pages={202--208},
  year={1985},
  publisher={ACM}
}

@article{ParallelCacheAlg1,
  title={Introducing a parallel cache oblivious blocking approach for the lattice Boltzmann method},
  author={Zeiser, Thomas and Wellein, Gerhard and Nitsure, Aditya and Iglberger, Klaus and Rude, U and Hager, Georg},
  journal={Progress in Computational Fluid Dynamics, an International Journal},
  volume={8},
  number={1-4},
  pages={179--188},
  year={2008},
  publisher={Inderscience Publishers}
}

@inproceedings{ParallelCacheAlg2,
  title={Low depth cache-oblivious algorithms},
  author={Blelloch, Guy E and Gibbons, Phillip B and Simhadri, Harsha Vardhan},
  booktitle={Proceedings of the twenty-second annual ACM symposium on Parallelism in algorithms and architectures},
  pages={189--199},
  year={2010}
}

@article{ParallelCacheAlg3,
  title={The cache complexity of multithreaded cache oblivious algorithms},
  author={Frigo, Matteo and Strumpen, Volker},
  journal={Theory of Computing Systems},
  volume={45},
  number={2},
  pages={203--233},
  year={2009},
  publisher={Springer}
}

@inproceedings{ParallelCacheAlg4,
  title={Cache oblivious distribution sweeping},
  author={Brodal, Gerth St{\o}lting and Fagerberg, Rolf},
  booktitle={International Colloquium on Automata, Languages, and Programming},
  pages={426--438},
  year={2002},
  organization={Springer}
}

@inproceedings{ParallelCacheAlg5,
  title={Cache-oblivious wavefront: improving parallelism of recursive dynamic programming algorithms without losing cache-efficiency},
  author={Tang, Yuan and You, Ronghui and Kan, Haibin and Tithi, Jesmin Jahan and Ganapathi, Pramod and Chowdhury, Rezaul A},
  booktitle={Proceedings of the 20th ACM SIGPLAN Symposium on Principles and Practice of Parallel Programming},
  pages={205--214},
  year={2015}
}

@inproceedings{ParallelCacheAlg6,
  title={Concurrent cache-oblivious B-trees},
  author={Bender, Michael A and Fineman, Jeremy T and Gilbert, Seth and Kuszmaul, Bradley C},
  booktitle={Proceedings of the seventeenth annual ACM symposium on Parallelism in algorithms and architectures},
  pages={228--237},
  year={2005}
}

@inproceedings{ben2016parallel,
  title={Parallel algorithms for asymmetric read-write costs},
  author={Ben-David, Naama and Blelloch, Guy E and Fineman, Jeremy T and Gibbons, Phillip B and Gu, Yan and McGuffey, Charles and Shun, Julian},
  booktitle={Proceedings of the 28th ACM Symposium on Parallelism in Algorithms and Architectures},
  pages={145--156},
  year={2016}
}

@inproceedings{blelloch2015sorting,
  title={Sorting with asymmetric read and write costs},
  author={Blelloch, Guy E and Fineman, Jeremy T and Gibbons, Phillip B and Gu, Yan and Shun, Julian},
  booktitle={Proceedings of the 27th ACM symposium on Parallelism in Algorithms and Architectures},
  pages={1--12},
  year={2015}
}

@inproceedings{gu2018survey,
  title={Survey: computational models for asymmetric read and write costs},
  author={Gu, Yan},
  booktitle={2018 IEEE International Parallel and Distributed Processing Symposium Workshops (IPDPSW)},
  pages={733--743},
  year={2018},
  organization={IEEE}
}

